@inproceedings {SLMDB(FAST'2019),
author = {Olzhas Kaiyrakhmet and Songyi Lee and Beomseok Nam and Sam H. Noh and Young-ri Choi},
title = {SLM-DB: Single-Level Key-Value Store with Persistent Memory},
booktitle = {17th {USENIX} Conference on File and Storage Technologies ({FAST} 19)},
year = {2019},
isbn = {978-1-939133-09-0},
address = {Boston, MA},
pages = {191--205},
url = {https://www.usenix.org/conference/fast19/presentation/kaiyrakhmet},
publisher = {{USENIX} Association},
month = feb,
}

@inproceedings {SILK(USENIX'2019),
author = {Oana Balmau and Florin Dinu and Willy Zwaenepoel and Karan Gupta and Ravishankar Chandhiramoorthi and Diego Didona},
title = {{SILK}: Preventing Latency Spikes in Log-Structured Merge Key-Value Stores},
booktitle = {2019 {USENIX} Annual Technical Conference ({USENIX} {ATC} 19)},
year = {2019},
isbn = {978-1-939133-03-8},
address = {Renton, WA},
pages = {753--766},
url = {https://www.usenix.org/conference/atc19/presentation/balmau},
publisher = {{USENIX} Association},
month = jul,
}

@inproceedings {KVELL(SOSP'2019),
author = {Baptiste Lepers and Oana Balmau and Karan Gupta and Willy Zwaenepoel},
title = {KVell: the Design and Implementation of a Fast Persistent Key-Value Store},
booktitle = {{Proceedings of the 27th ACM Symposium on Operating Systems Principles(SOSP'2019)}},
year = {2019},
address = {Ontario, Canada},
pages = {447-461},
%url = {https://www.usenix.org/conference/atc19/presentation/balmau},
publisher = {{USENIX} Association},
month = October,
}

@article{Workload,
author = {Atikoglu, Berk and Xu, Yuehai and Frachtenberg, Eitan and Jiang, Song and Paleczny, Mike},
journal = {ACM SIGMETRICS Performance Evaluation Review},
number = {1},
pages = {53},
title = {{Workload analysis of a large-scale key-value store}},
volume = {40},
year = {2012}
}

@article{SlimDB,
  author    = {Kai Ren and
               Qing Zheng and
               Joy Arulraj and
               Garth Gibson},
  title     = {SlimDB: {A} Space-Efficient Key-Value Storage Engine For Semi-Sorted
               Data},
  journal   = {{PVLDB}},
  volume    = {10},
  number    = {13},
  pages     = {2037--2048},
  year      = {2017}
}

@online{Redis,
  title        = {Redis},
  year         = {2017},
  url          = {https://redis.io/},
  urldate      = {2006-10-01},
}

@online{Memcached,
  title        = {Memcached},
  year         = {2017},
  url          = {https://memcached.org/},
  urldate      = {2006-10-01},
}

 @Misc{Accumulo,
  author        = {Apache. Accumulo},
  year         = {2006},
  url          = {https://accumulo.apache.org/},
  urldate      = {2006-10-01},
  label        = {CTAN}
}

@Misc{MongoDB,
  author        = {MongoDB},
  year         = {2017},
  url          = {https://www.mongodb.com},
  urldate      = {2006-10-01},
} 

 @Misc{Cassandra,
  author        = {Apache. Cassandra},
  year         = {2006},
  url          = {http://cassandra.apache.org},
  urldate      = {2006-10-01}
}

@Misc{LCassandra,
  author        = {Leveled Compaction in Apache Cassandra},
  year         = {2011},
  url          = {http://www.datastax.com/dev/blog/leveled-compaction-in-apache-cassandra},
  urldate      = {2006-10-01}
}

@Misc{TCassandra,
  author        = {Configuring Compaction in Apache Cassandra},
  year         = {2011},
  url          = {https://docs.datastax.com/en/cassandra/3.0/cassandra/operations/opsConfigureCompaction.html},
  urldate      = {2006-10-01}
}

@Misc{HBase,
  author        = {Apache. HBase},
  year         = {2006},
  url          = {http://hbase.apache.org/},
  urldate      = {2006-10-01}
}

@Misc{RocksDB,
  author        = {Facebook. RocksDB},
  year         = 2006,
  note          = {\url{https://github.com/facebook/rocksdb}},
  urldate      = {2006-10-01}
}

@online{RocksDB-tune,
  author        = {RocksDB tuning guide},
  year         = {2016},
  url          = {https://github.com/facebook/rocksdb/wiki/RocksDB-Tuning-Guide},
  urldate      = {2006-10-01}
}

@Misc{LevelDB,
  author =       {Google. LevelDB},
  year =         2006,
  howpublished = {\url{https://github.com/google/leveldb/}}
}

@Misc{dbbench,
  author        = {LevelDB db_bench benchmark},
  year         = {2016},
  url          = {https://github.com/google/leveldb/blob/master/db/db_bench.cc},
  urldate      = {2016-10-01}
}

@Misc{HyperLevelDB,
  author        = {HyperLevelDB},
  year         = {2006},
  url          = {https://github.com/rescrv/HyperLevelDB},
  urldate      = {2014}
}

@Misc{Universal,
  author        = {Facebook. Universal Compaction},
  year         = {2017},
  url          = {https://github.com/facebook/rocksdb/wiki/Universal-Compaction},
  urldate      = {2014}
}

@article{tier&level,
	title={A Comparison of Fractal Trees to Log-Structured Merge (LSM) Trees},
	author={B. C. Kuszmaul},
	journal={Tokutek White Paper},
	year={2014}
}

@inproceedings{Monkey,
  author    = {Niv Dayan and
               Manos Athanassoulis and
               Stratos Idreos},
  title     = {Monkey: Optimal Navigable Key-Value Store},
  booktitle = {Proceedings of the 2017 {ACM} International Conference on Management
               of Data, {SIGMOD} Conference 2017, Chicago, IL, USA, May 14-19, 2017},
  pages     = {79--94},
  year      = {2017}
}
 
@article{Dynamo,
  title={Dynamo: Amazon's Highly Available Key-value Store},
  author={Decandia, Giuseppe and Hastorun, Deniz and Jampani, Madan and Kakulapati, Gunavardhan and Lakshman, Avinash and Pilchin, Alex and Sivasubramanian, Swaminathan and Vosshall, Peter and Vogels, And Werner},
  journal={Acm Sigops Operating Systems Review},
  volume={41},
  number={6},
  pages={205-220},
  year={2007},
}

@inproceedings{Bigtable,
  author    = {Fay Chang and
               Jeffrey Dean and
               Sanjay Ghemawat and
               Wilson C. Hsieh and
               Deborah A. Wallach and
               Michael Burrows and
               Tushar Chandra and
               Andrew Fikes and
               Robert Gruber},
  title     = {Bigtable: {A} Distributed Storage System for Structured Data (Awarded
               Best Paper!)},
  booktitle = {7th Symposium on Operating Systems Design and Implementation ({OSDI}
               '06), November 6-8, Seattle, WA, {USA}},
  pages     = {205--218},
  year      = {2006},
}

@inproceedings{RocksDB-SA,
  author    = {Siying Dong and
               Mark Callaghan and
               Leonidas Galanis and
               Dhruba Borthakur and
               Tony Savor and
               Michael Strum},
  title     = {Optimizing Space Amplification in RocksDB},
  booktitle = {{CIDR} 2017, 8th Biennial Conference on Innovative Data Systems Research,
               Chaminade, CA, USA, January 8-11, 2017, Online Proceedings},
  year      = {2017},
}

@article{PNUTS,
  title={PNUTS: Yahoo!'s hosted data serving platform},
  author={Cooper, Brian F. and Ramakrishnan, Raghu and Srivastava, Utkarsh and Silberstein, Adam and Bohannon, Philip and Jacobsen, Hans Arno and Puz, Nick and Weaver, Daniel and Yerneni, Ramana},
  journal={Proceedings of the Vldb Endowment},
  volume={1},
  number={2},
  pages={1277-1288},
  year={2008},
}

@inproceedings{bLSM,
  author    = {Russell Sears and
               Raghu Ramakrishnan},
  title     = {bLSM: a general purpose log structured merge tree},
  booktitle = {Proceedings of the {ACM} {SIGMOD} International Conference on Management
               of Data, {SIGMOD} 2012, Scottsdale, AZ, USA, May 20-24, 2012},
  pages     = {217--228},
  year      = {2012},
}

@inproceedings{VTtree,
  author    = {Pradeep Shetty and
               Richard P. Spillane and
               Ravikant Malpani and
               Binesh Andrews and
               Justin Seyster and
               Erez Zadok},
  title     = {Building workload-independent storage with VT-trees},
  booktitle = {Proceedings of the 11th {USENIX} conference on File and Storage Technologies,
               {FAST} 2013, San Jose, CA, USA, February 12-15, 2013},
  pages     = {17--30},
  year      = {2013},
}

@inproceedings{cLSM,
  author    = {Guy Golan{-}Gueta and
               Edward Bortnikov and
               Eshcar Hillel and
               Idit Keidar},
  title     = {Scaling concurrent log-structured data stores},
  booktitle = {Proceedings of the Tenth European Conference on Computer Systems,
               EuroSys 2015, Bordeaux, France, April 21-24, 2015},
  pages     = {32:1--32:14},
  year      = {2015},
}

@article{LSMtree,
  title={The log-structured merge-tree (LSM-tree)},
  author={O’Neil, Patrick and Cheng, Edward and Gawlick, Dieter and O’Neil, Elizabeth},
  journal={Acta Informatica},
  volume={33},
  number={4},
  pages={351-385},
  year={1996},
}

@inproceedings{Wisckey,
  author    = {Lanyue Lu and
               Thanumalayan Sankaranarayana Pillai and
               Andrea C. Arpaci{-}Dusseau and
               Remzi H. Arpaci{-}Dusseau},
  title     = {WiscKey: Separating Keys from Values in SSD-conscious Storage},
  booktitle = {14th {USENIX} Conference on File and Storage Technologies, {FAST}
               2016, Santa Clara, CA, USA, February 22-25, 2016.},
  pages     = {133--148},
  year      = {2016},
}

@inproceedings{PebblesDB,
  author    = {Pandian Raju and
               Rohan Kadekodi and
               Vijay Chidambaram and
               Ittai Abraham},
  title     = {PebblesDB: Building Key-Value Stores using Fragmented Log-Structured
               Merge Trees},
  booktitle = {Proceedings of the 26th Symposium on Operating Systems Principles,
               Shanghai, China, October 28-31, 2017},
  pages     = {497--514},
  year      = {2017},
}

@inproceedings{YCSB,
  author    = {Brian F. Cooper and
               Adam Silberstein and
               Erwin Tam and
               Raghu Ramakrishnan and
               Russell Sears},
  title     = {Benchmarking cloud serving systems with {YCSB}},
  booktitle = {Proceedings of the 1st {ACM} Symposium on Cloud Computing, SoCC 2010,
               Indianapolis, Indiana, USA, June 10-11, 2010},
  pages     = {143--154},
  year      = {2010},
}

@inproceedings{workload,
  author    = {Berk Atikoglu and
               Yuehai Xu and
               Eitan Frachtenberg and
               Song Jiang and
               Mike Paleczny},
  title     = {Workload analysis of a large-scale key-value store},
  booktitle = {{ACM} {SIGMETRICS/PERFORMANCE} Joint International Conference on Measurement
               and Modeling of Computer Systems, {SIGMETRICS} '12, London, United
               Kingdom, June 11-15, 2012},
  pages     = {53--64},
  year      = {2012},
}

@inproceedings{PCP,
  author    = {Zigang Zhang and
               Yinliang Yue and
               Bingsheng He and
               Jin Xiong and
               Mingyu Chen and
               Lixin Zhang and
               Ninghui Sun},
  title     = {Pipelined Compaction for the LSM-Tree},
  booktitle = {2014 {IEEE} 28th International Parallel and Distributed Processing
               Symposium, Phoenix, AZ, USA, May 19-23, 2014},
  pages     = {777--786},
  year      = {2014},
}

@inproceedings{LSMtrie,
  author    = {Xingbo Wu and
               Yuehai Xu and
               Zili Shao and
               Song Jiang},
  title     = {LSM-trie: An LSM-tree-based Ultra-Large Key-Value Store for Small
               Data Items},
  booktitle = {2015 {USENIX} Annual Technical Conference, {USENIX} {ATC} '15, July
               8-10, Santa Clara, CA, {USA}},
  pages     = {71--82},
  year      = {2015},
}

@inproceedings{FloDB,
  author    = {Oana Balmau and
               Rachid Guerraoui and
               Vasileios Trigonakis and
               Igor Zablotchi},
  title     = {FloDB: Unlocking Memory in Persistent Key-Value Stores},
  booktitle = {Proceedings of the Twelfth European Conference on Computer Systems,
               EuroSys 2017, Belgrade, Serbia, April 23-26, 2017},
  pages     = {80--94},
  year      = {2017},
}

@article{skiptree,
  author    = {Yinliang Yue and
               Bingsheng He and
               Yuzhe Li and
               Weiping Wang},
  title     = {Building an Efficient Put-Intensive Key-Value Store with Skip-Tree},
  journal   = {{IEEE} Trans. Parallel Distrib. Syst.},
  volume    = {28},
  number    = {4},
  pages     = {961--973},
  year      = {2017},
}

@inproceedings{TRIAD,
  author    = {Oana Balmau and
               Diego Didona and
               Rachid Guerraoui and
               Willy Zwaenepoel and
               Huapeng Yuan and
               Aashray Arora and
               Karan Gupta and
               Pavan Konka},
  title     = {{TRIAD:} Creating Synergies Between Memory, Disk and Log in Log Structured
               Key-Value Stores},
  booktitle = {2017 {USENIX} Annual Technical Conference, {USENIX} {ATC} 2017, Santa
               Clara, CA, USA, July 12-14, 2017.},
  pages     = {363--375},
  year      = {2017},
}

@inproceedings{LDSo,
  author    = {Fei Mei and
               Qiang Cao and
               Hong Jiang and
               Lei Tian},
  title     = {LSM-tree managed storage for large-scale key-value store},
  booktitle = {Proceedings of the 2017 Symposium on Cloud Computing, SoCC 2017, Santa
               Clara, CA, USA, September 24-27, 2017},
  pages     = {142--156},
  year      = {2017},
}

@article{LDS,
  author    = {Fei Mei and
               Qiang Cao and
               Hong Jiang and
               Lei Tian},
  title     = {LSM-Tree Managed Storage for Large-Scale Key-Value Store},
  journal   = {{IEEE} Trans. Parallel Distrib. Syst.},
  volume    = {30},
  number    = {2},
  pages     = {400--414},
  year      = {2019}
}

@inproceedings{LOCS,
  author    = {Peng Wang and
               Guangyu Sun and
               Song Jiang and
               Jian Ouyang and
               Shiding Lin and
               Chen Zhang and
               Jason Cong},
  title     = {An efficient design and implementation of LSM-tree based key-value
               store on open-channel {SSD}},
  booktitle = {Ninth Eurosys Conference 2014, EuroSys 2014, Amsterdam, The Netherlands,
               April 13-16, 2014},
  pages     = {16:1--16:14},
  year      = {2014},
}

@inproceedings{mergeSSD,
  author    = {Risi Thonangi and
               Jun Yang},
  title     = {On Log-Structured Merge for Solid-State Drives},
  booktitle = {33rd {IEEE} International Conference on Data Engineering, {ICDE} 2017,
               San Diego, CA, USA, April 19-22, 2017},
  pages     = {683--694},
  year      = {2017},
}

@inproceedings{NoveLSM,
  author    = {Sudarsun Kannan and
               Nitish Bhat and
               Ada Gavrilovska and
               Andrea C. Arpaci{-}Dusseau and
               Remzi H. Arpaci{-}Dusseau},
  title     = {Redesigning LSMs for Nonvolatile Memory with NoveLSM},
  booktitle = {2018 {USENIX} Annual Technical Conference, {USENIX} {ATC} 2018, Boston,
               MA, USA, July 11-13, 2018.},
  pages     = {993--1005},
  year      = {2018},
}

@inproceedings{HashKV,
  author    = {Helen H. W. Chan and
               Yongkun Li and
               Patrick P. C. Lee and
               Yinlong Xu},
  title     = {HashKV: Enabling Efficient Updates in {KV} Storage via Hashing},
  booktitle = {2018 {USENIX} Annual Technical Conference, {USENIX} {ATC} 2018, Boston,
               MA, USA, July 11-13, 2018.},
  pages     = {1007--1019},
  year      = {2018}
}

@book{skiplist,
  title={A skip list cookbook},
  author={Pugh, William},
  year={1990},
}

@inproceedings{skiplist1,
  author    = {Michael A. Bender and
               Martin Farach{-}Colton and
               Rob Johnson and
               Simon Mauras and
               Tyler Mayer and
               Cynthia A. Phillips and
               Helen Xu},
  title     = {Write-Optimized Skip Lists},
  booktitle = {Proceedings of the 36th {ACM} {SIGMOD-SIGACT-SIGAI} Symposium on Principles
               of Database Systems, {PODS} 2017, Chicago, IL, USA, May 14-19, 2017},
  pages     = {69--78},
  year      = {2017},
}

@inproceedings{MSLS,
  author    = {Hyeontaek Lim and
               David G. Andersen and
               Michael Kaminsky},
  title     = {Towards Accurate and Fast Evaluation of Multi-Stage Log-structured
               Designs},
  booktitle = {14th {USENIX} Conference on File and Storage Technologies, {FAST}
               2016, Santa Clara, CA, USA, February 22-25, 2016.},
  pages     = {149--166},
  year      = {2016},
}

@inproceedings{SkimpyStash,
  author    = {Biplob K. Debnath and
               Sudipta Sengupta and
               Jin Li},
  title     = {SkimpyStash: {RAM} space skimpy key-value store on flash-based storage},
  booktitle = {Proceedings of the {ACM} {SIGMOD} International Conference on Management
               of Data, {SIGMOD} 2011, Athens, Greece, June 12-16, 2011},
  pages     = {25--36},
  year      = {2011},
}

@inproceedings{HyperDex,
  author    = {Robert Escriva and
               Bernard Wong and
               Emin G{\"{u}}n Sirer},
  title     = {HyperDex: a distributed, searchable key-value store},
  booktitle = {{ACM} {SIGCOMM} 2012 Conference, {SIGCOMM} '12, Helsinki, Finland
               - August 13 - 17, 2012},
  pages     = {25--36},
  year      = {2012},
}

@inproceedings{SILT,
  author    = {Hyeontaek Lim and
               Bin Fan and
               David G. Andersen and
               Michael Kaminsky},
  title     = {{SILT:} a memory-efficient, high-performance key-value store},
  booktitle = {Proceedings of the 23rd {ACM} Symposium on Operating Systems Principles
               2011, {SOSP} 2011, Cascais, Portugal, October 23-26, 2011},
  pages     = {1--13},
  year      = {2011},
}

@inproceedings{NVMKV,
  author    = {Leonardo M{\'{a}}rmol and
               Swaminathan Sundararaman and
               Nisha Talagala and
               Raju Rangaswami},
  title     = {{NVMKV:} {A} Scalable, Lightweight, FTL-aware Key-Value Store},
  booktitle = {2015 {USENIX} Annual Technical Conference, {USENIX} {ATC} '15, July
               8-10, Santa Clara, CA, {USA}},
  pages     = {207--219},
  year      = {2015},
 }

 @inproceedings{HH,
  author    = {Tyler Harter and
               Dhruba Borthakur and
               Siying Dong and
               Amitanand S. Aiyer and
               Liyin Tang and
               Andrea C. Arpaci{-}Dusseau and
               Remzi H. Arpaci{-}Dusseau},
  title     = {Analysis of {HDFS} under HBase: a facebook messages case study},
  booktitle = {Proceedings of the 12th {USENIX} conference on File and Storage Technologies,
               {FAST} 2014, Santa Clara, CA, USA, February 17-20, 2014},
  pages     = {199--212},
  year      = {2014},
}

@article{CM,
  author    = {Muhammad Yousuf Ahmad and
               Bettina Kemme},
  title     = {Compaction Management in Distributed Key-Value Datastores},
  journal   = {{PVLDB}},
  volume    = {8},
  number    = {8},
  pages     = {850--861},
  year      = {2015},
}

@inproceedings{SSD,
  author    = {Laura M. Grupp and
               Adrian M. Caulfield and
               Joel Coburn and
               Steven Swanson and
               Eitan Yaakobi and
               Paul H. Siegel and
               Jack K. Wolf},
  title     = {Characterizing flash memory: anomalies, observations, and applications},
  booktitle = {42st Annual {IEEE/ACM} International Symposium on Microarchitecture
               {(MICRO-42} 2009), December 12-16, 2009, New York, New York, {USA}},
  pages     = {24--33},
  year      = {2009}
  
}

@inproceedings{Arrakis,
  author    = {Simon Peter and
               Jialin Li and
               Irene Zhang and
               Dan R. K. Ports and
               Doug Woos and
               Arvind Krishnamurthy and
               Thomas E. Anderson and
               Timothy Roscoe},
  title     = {Arrakis: The Operating System is the Control Plane},
  booktitle = {11th {USENIX} Symposium on Operating Systems Design and Implementation,
               {OSDI} '14, Broomfield, CO, USA, October 6-8, 2014.},
  pages     = {1--16},
  year      = {2014}
}

@article{LWCtree,
author = {Yao, Ting and Wan, Jiguang and Huang, Ping and He, Xubin and Gui, Qingxin and Wu, Fei and Xie, Changsheng},
journal = {Proceedings of the IEEE Symposium on Mass Storage Systems and Technologies (MSST)},
title = {{A Light-weight Compaction Tree to Reduce I/O Amplification toward Efficient Key-Value Stores}},
year = {2017}
}

@inproceedings{OHDB,
  author    = {Li Liu and
               Hua Wang and
               Ke Zhou},
  title     = {An Optimized Implementation for Concurrent LSM-Structured Key-Value
               Stores},
  booktitle = {2018 {IEEE} International Conference on Networking, Architecture and
               Storage, {NAS} 2018, Chongqing, China, October 11-14, 2018},
  pages     = {1--8},
  year      = {2018}
}

@article{SEALDB,
  author    = {Ting Yao and
               Zhi{-}hu Tan and
               Jiguang Wan and
               Ping Huang and
               Yiwen Zhang and
               Changsheng Xie and
               Xubin He},
  title     = {{SEALDB:} An Efficient LSM-tree Based {KV} Store on {SMR} Drives with
               Sets and Dynamic Bands},
  journal   = {{IEEE} Trans. Parallel Distrib. Syst.},
  volume    = {30},
  number    = {11},
  pages     = {2595--2607},
  year      = {2019}
}